@inproceedings{zhang2024paircoder,
  author    = {Huan Zhang and Wei Cheng and Yuhan Wu and Wei Hu},
  title     = {A Pair Programming Framework for Code Generation via Multi-Plan Exploration and Feedback-Driven Refinement},
  booktitle = {Proceedings of the 39th IEEE/ACM International Conference on Automated Software Engineering (ASE)},
  year      = {2024},
  pages     = {1319--1331},
  publisher = {ACM},
  doi       = {10.1145/3691620.3695506},
  url       = {https://dl.acm.org/doi/10.1145/3691620.3695506}
}

@article{almorsi2025guided,
  author    = {Amr Almorsi and Mohanned Ahmed and Walid Gomaa},
  title     = {Guided Code Generation with LLMs: A Multi-Agent Framework for Complex Code Tasks},
  journal   = {arXiv preprint arXiv:2501.06625},
  year      = {2025},
  url       = {https://arxiv.org/abs/2501.06625}
}

@inproceedings{chen2024selfdebugging,
  author    = {Xinyun Chen and Maxwell Lin and Nathanael Sch√§rli and Denny Zhou},
  title     = {Teaching Large Language Models to Self-Debug},
  booktitle = {International Conference on Learning Representations (ICLR)},
  year      = {2024},
  url       = {https://openreview.net/forum?id=eO3YzBcD68}
}

@article{metagpt2023,
  author    = {Sirui Hong and Xinyang Zhang and Yu Gu and Yuzhang Li and Jianye Hao and Yang Yu},
  title     = {MetaGPT: Meta Programming for A Multi-Agent Collaborative Framework},
  journal   = {arXiv preprint arXiv:2308.00352},
  year      = {2023},
  url       = {https://arxiv.org/abs/2308.00352}
}

@inproceedings{islam2024mapcodermultiagentcodegeneration,
      title={MapCoder: Multi-Agent Code Generation for Competitive Problem Solving}, 
      author={Md. Ashraful Islam and Mohammed Eunus Ali and Md Rizwan Parvez},
      year={2024},
      eprint={2405.11403},
      archivePrefix={arXiv},
      primaryClass={cs.CL},
      url={https://arxiv.org/abs/2405.11403}
}
